@misc{Amazon2011,
archivePrefix = {arXiv},
arxivId = {arXiv:1105.1408v1},
author = {Amazon},
booktitle = {Amazon Web Services LLC},
eprint = {arXiv:1105.1408v1},
title = {{Amazon Elastic Compute Cloud (Amazon EC2)}},
url = {http://aws.amazon.com/ec2/},
volume = {2010},
year = {2011}
}
@inproceedings{baroni-dinu-kruszewski:2014:P14-1,
author = {Baroni, Marco and Dinu, Georgiana and Kruszewski, German},
booktitle = {Proceedings of the 52nd Annual Meeting of the Association for Computational Linguistics (Volume 1: Long Papers)},
doi = {10.3115/v1/P14-1023},
isbn = {9781937284725},
pages = {238--247},
publisher = {Association for Computational Linguistics},
title = {{Don't count, predict! A systematic comparison of context-counting vs. context-predicting semantic vectors}},
url = {http://www.aclweb.org/anthology/P14-1023},
year = {2014}
}
@article{Bastien2012a,
archivePrefix = {arXiv},
arxivId = {arXiv:1211.5590v1},
author = {Bastien, Fr{\'{e}}d{\'{e}}ric and Lamblin, Pascal and Pascanu, Razvan and Bergstra, James and Goodfellow, Ian and Bergeron, Arnaud and Bouchard, Nicolas and Warde-Farley, David and Bengio, Yoshua},
eprint = {arXiv:1211.5590v1},
journal = {arXiv preprint arXiv: {\ldots}},
pages = {1--10},
title = {{Theano: new features and speed improvements}},
url = {http://arxiv.org/abs/1211.5590},
year = {2012}
}
@phdthesis{mikolov2012,
author = {Mikolov, Tom{\'{a}}{\v{s}}},
school = {Brno University of Technology},
title = {{Statistical Language Models Based on Neural Networks}},
year = {2012},
url = {http://www.fit.vutbr.cz/~imikolov/rnnlm/thesis.pdf}
}
@book{whyweposthtwc2016,
author = {Miller, Daniel and Costa, Elisabetta and Haynes, Nell and McDonald, Tom and Nicolescu, Razvan and Sinanan, Jolyanna and Spyer, Juliano and Venkatraman, Shriram and Wang, Xinyuan},
doi = {10.14324/111.9781910634493},
edition = {Why We Pos},
isbn = {9781910634493},
month = {feb},
publisher = {UCL Press},
title = {{How the World Changed Social Media}},
url = {http://discovery.ucl.ac.uk/1474805/1/How-the-World-Changed-Social-Media.pdf},
year = {2016}
}
@misc{chollet2015,
author = {Chollet, Fran√ßois},
title = {{Keras: Deep Learning library for Theano and TensorFlow}},
year = {2015},
publisher = {GitHub},
journal = {GitHub repository},
url = {https://github.com/fchollet/keras},
urldate = {2016-03-22},
commit = {657b9fb48e93b59083d2e0b8a5e4daf237179dbc}
}
@incollection{BernardiniBaroniEvert2008,
title = {{A WaCky Introduction}},
author = {Bernardini, Silvia and Baroni, Marco and Evert, Stefan},
booktitle = {Wacky! Working papers on the Web as Corpus},
pages = {9--40},
publisher = {GEDIT},
address = {Bologna, Italy},
url = {http://wackybook.sslmit.unibo.it/pdfs/bernardini.pdf},
year = {2008}
}
@misc{frey-glaznieks-stemle:2016:didi,
author = {Frey, Jennifer-Carmen and Glaznieks, Aivars and Stemle, Egon W.},
note = {Upcoming},
title = {{The DiDi Corpus of South Tyrolean CMC Data: A multilingual corpus of Facebook texts}},
year = {2016},
publisher = {online},
}
